<record xmlns="http://www.loc.gov/MARC21/slim" xmlns:xsi="http://www.w3.org/2001/XMLSchema-instance" xsi:schemaLocation="http://www.loc.gov/MARC21/slim http://www.loc.gov/standards/marcxml/schema/MARC21slim.xsd"><leader>01985nam a2200397   4500</leader><controlfield tag="001">3530961</controlfield><controlfield tag="003">NIC</controlfield><controlfield tag="006">m        d        </controlfield><controlfield tag="007">cr cn |||m|||a</controlfield><controlfield tag="008">150223s1965    iq      ob    000 0 ara c</controlfield><datafield ind1=" " ind2=" " tag="040"><subfield code="a">NNU</subfield><subfield code="b">eng</subfield><subfield code="e">rda</subfield><subfield code="c">NNU</subfield></datafield><datafield ind1=" " ind2="4" tag="050"><subfield code="a">PJ7745.J3</subfield><subfield code="b">Z787 1965</subfield></datafield><datafield ind1="1" ind2=" " tag="100"><subfield code="6">880-01</subfield><subfield code="a">Najm, Wadi&#772;&#699;ah T&#803;a&#772;ha&#772;.</subfield></datafield><datafield ind1="1" ind2="3" tag="245"><subfield code="6">880-02</subfield><subfield code="a">al-Ja&#772;h&#803;iz&#803; wa-al-h&#803;a&#772;d&#803;irah al-&#699;Abba&#772;si&#772;yah  /</subfield><subfield code="c">[ta&#700;li&#772;f] Wadi&#772;&#699;ah T&#803;a&#772;ha&#772; al-Najm.</subfield></datafield><datafield ind1="1" ind2="4" tag="246"><subfield code="a">Jahiz and Abbasid city life</subfield></datafield><datafield ind1=" " ind2=" " tag="260"><subfield code="6">880-03</subfield><subfield code="a">Baghda&#772;d :</subfield><subfield code="b">Mat&#803;ba&#699;at al-Irsha&#772;d,</subfield><subfield code="c">1965.</subfield></datafield><datafield ind1=" " ind2=" " tag="300"><subfield code="a">online resource (14, 240 pages)</subfield></datafield><datafield ind1=" " ind2=" " tag="336"><subfield code="a">text</subfield><subfield code="2">rdacontent</subfield></datafield><datafield ind1=" " ind2=" " tag="337"><subfield code="a">computer</subfield><subfield code="2">rdamedia</subfield></datafield><datafield ind1=" " ind2=" " tag="338"><subfield code="a">online resource</subfield><subfield code="2">rdacarrier</subfield></datafield><datafield ind1=" " ind2=" " tag="500"><subfield code="a">Part of the Arabic Collections Online (ACO) project, contributed by Cornell University Libraries.</subfield></datafield><datafield ind1=" " ind2=" " tag="504"><subfield code="a">Includes bibliographical references (pages 226-240).</subfield></datafield><datafield ind1=" " ind2=" " tag="533"><subfield code="a">Electronic reproduction.</subfield><subfield code="b">New York, N.Y. :</subfield><subfield code="c">New York University,</subfield><subfield code="d">2015.</subfield><subfield code="5">NNU</subfield></datafield><datafield ind1="0" ind2="0" tag="600"><subfield code="6">880-04</subfield><subfield code="a">Ja&#772;h&#803;iz&#803;,</subfield><subfield code="d">-868 or 869.</subfield></datafield><datafield ind1="0" ind2="7" tag="600"><subfield code="a">Ja&#772;h&#803;iz&#803;,</subfield><subfield code="d">-868 or 869.</subfield><subfield code="2">fast</subfield><subfield code="0">(OCoLC)fst01826732</subfield></datafield><datafield ind1="2" ind2=" " tag="710"><subfield code="a">Cornell University.</subfield><subfield code="b">Libraries.</subfield></datafield><datafield ind1="0" ind2=" " tag="730"><subfield code="a">Arabic Collections Online.</subfield></datafield><datafield ind1="0" ind2="8" tag="776"><subfield code="i">Online version:</subfield><subfield code="a">Najm, Wadi&#772;&#699;ah T&#803;a&#772;ha&#772;.</subfield><subfield code="t">Ja&#772;h&#803;iz&#803; wa-al-h&#803;a&#772;d&#803;irah al-&#699;Abba&#772;si&#772;yah.</subfield><subfield code="d">Baghda&#772;d, Mat&#803;ba&#699;at al-Irsha&#772;d, 1965</subfield><subfield code="w">(OCoLC)582139057</subfield></datafield><datafield ind1="0" ind2="8" tag="776"><subfield code="i">Print version:</subfield><subfield code="a">Najm, Wadi&#772;&#699;ah T&#803;a&#772;ha&#772;.</subfield><subfield code="t">al-Ja&#772;h&#803;iz&#803; wa-al-h&#803;a&#772;d&#803;irah al-&#699;Abba&#772;si&#772;yah</subfield><subfield code="w">(NIC)3530961</subfield><subfield code="w">(DLC)ne 66000219 </subfield><subfield code="w">(OCoLC)10643173</subfield></datafield><datafield ind1="4" ind2="0" tag="856"><subfield code="u">http://hdl.handle.net/2333.1/qz612mwr</subfield></datafield><datafield ind1="1" ind2=" " tag="880"><subfield code="6">100-01/r</subfield><subfield code="a">&#1606;&#1580;&#1605;&#1548; &#1608;&#1583;&#1610;&#1593;&#1577; &#1591;&#1607;.</subfield></datafield><datafield ind1="1" ind2="2" tag="880"><subfield code="6">245-02/r</subfield><subfield code="a">&#1575;&#1604;&#1580;&#1575;&#1581;&#1592; &#1608;&#1575;&#1604;&#1581;&#1575;&#1590;&#1585;&#1577; &#1575;&#1604;&#1593;&#1576;&#1575;&#1587;&#1610;&#1577; /</subfield><subfield code="c">&#1608;&#1583;&#1610;&#1593;&#1577; &#1591;&#1607; &#1575;&#1604;&#1606;&#1580;&#1605;.</subfield></datafield><datafield ind1=" " ind2=" " tag="880"><subfield code="6">260-03/r</subfield><subfield code="a">&#1576;&#1594;&#1583;&#1575;&#1583; :</subfield><subfield code="b">&#1605;&#1591;&#1576;&#1593;&#1577; &#1575;&#1604;&#1575;&#1585;&#1588;&#1575;&#1583;&#1548;</subfield><subfield code="c">1965.</subfield></datafield><datafield ind1="0" ind2="0" tag="880"><subfield code="6">600-04/r</subfield><subfield code="a">&#1580;&#1575;&#1581;&#1592;&#1548;</subfield><subfield code="d">-868 or 869.</subfield></datafield><datafield ind1=" " ind2=" " tag="959"><subfield code="a">NNU</subfield><subfield code="b">WEB</subfield><subfield code="c">GENI</subfield><subfield code="t">0</subfield><subfield code="m">Electronic access</subfield><subfield code="s">01</subfield></datafield><datafield ind1=" " ind2=" " tag="999"><subfield code="i">NIC_3530961</subfield><subfield code="o">(OCoLC)ocm10643173</subfield><subfield code="s">cornell_aco000149</subfield></datafield></record>